=LDR  04300cam a2200577ua 4500
=001  011849785
=003  Uk
=005  20231017165834.0
=008  970325s1855\\\\ru\\\\\||l\\\\000\0|rus\\
=FMT  \\$a  BK
=019  1\$aoc22531025
=040  \\$aUk$cUk
=100  1\$aMeĭer, D. I.$q(Dmitriĭ Ivanovich),$d1819-1856.
=245  10$6880-01$aI︠U︡ridicheskīĭ sbornik /$cizdannyĭ Dmitrīem Meīerom.
=260  \\$6880-02$aKazanʹ :$bIzhdivenīem knigoprodavt︠s︡a I. Dubrovina,$c1855.
=300  \\$a579 pages ;$c25 cm
=336  \\$atext$2rdacontent
=337  \\$aunmediated$2rdamedia
=338  \\$avolume$2rdacarrier
=500  \\$a"Ordinarnym Professorom Imperatorskago Kazanskago Universiteta. Doktorom i︠u︡ridicheskikh nauk."
=504  \\$aIncludes bibliographical references.
=588  \\$aNon-Latin script generated programmatically.
=505  0\$aДревнее Русское поручительство.. -- Опытъ ученой разработки купчихъ грамотъ, помѣщенныхъ въ Актахъ Юридическихъ.. -- Изслѣдованіе началъ огражденія имущественныхъ отношеній въ древнихъ памятникахъ русскаго законодательства.. -- О прямыхъ налогахъ въ древней Руси.. -- Историческое развитіе русскаго законодательства по почтовой части.. -- Объ органахъ судебной власти въ Россіи отъ основанія государства до вступленія на престолъ Алексѣя Михайловича.. -- Исторія законодательства о табачной промышленности въ Россіи до Екатерины II.
=650  \0$aLaw$zRussia.
=650  \7$aLaw.$2fast$0(OCoLC)fst00993678
=651  \7$aRussia.$2fast$0(OCoLC)fst01207312
=650  \0$aLaw$zRussia.
=776  08$iOnline version:$aMeĭer, D.I. (Dmitriĭ Ivanovich), 1819-1856.$tI︠U︡ridicheskīĭ sbornik.$w(OCoLC)656559029$dKazanʹ : Izhdivenīem knigoprodavt︠s︡a I. Dubrovina, 1855
=700  12$aKAPUSTIN, S.$tДревнее Русское поручительство.
=700  12$aKINDYAKOV, K.$tОпытъ ученой разработки купчихъ грамотъ, помѣщенныхъ въ Актахъ Юридическихъ.
=700  12$aSTANISLAVSKY, Anton Grigor'evich.$tИзслѣдованіе началъ огражденія имущественныхъ отношеній въ древнихъ памятникахъ русскаго законодательства..
=700  12$aKURI, V.$tО прямыхъ налогахъ въ древней Руси.
=700  12$aBRZHOZOVSKY, Iosif Frantsovich.$tИсторическое развитіе русскаго законодательства по почтовой части..
=700  12$aCHEGLOKOV, Petr Nikolaevich.$tОбъ органахъ судебной власти въ Россіи отъ основанія государства до вступленія на престолъ Алексѣя Михайловича..
=700  12$aCHULKOV, Mikhail Dmitrievich.$tИсторія законодательства о табачной промышленности въ Россіи до Екатерины II.
=856  41$uhttp://books.google.com/books?vid=BL:A0021801827
=880  10$6245-01$aЮридическій сборник /$cизданный Дмитріем Меіером.
=880  \\$6260-02$aКазань :$bИждивеніем книгопродавца И. Дубровина,$c1855.
=856  41$uhttp://books.google.com/books?vid=BL:A0021801827$yGoogle_Books
=852  41$aBritish Library$bHMNTS$jRB.23.b.2479
=957  \\$a900731p
=CAT  \\$aCONV$b00$c20040425$lBLL90$h0735
=CAT  \\$aCONV$b00$c20040502$lBLL01$h1448
=CAT  \\$a8964$b40$c20050207$lBLL01$h1304
=CAT  \\$aBATCH$b00$c20091122$lBLL01$h2255
=CAT  \\$aWR14_057$b00$c20170504$lBLL01$h1805
=CAT  \\$a11937$b40$c20231017$lBLL01$h1658
=FIN  \\$aY
=LEO  \\$aMP13.0000660702
=SRC  \\$aHSS01$bbibmp13.200404.2.ab
=LAS  \\$a11937$b40$c20231017$lBLL01$h1658

