=LDR  02364 am a22005653  4500
=001  000333314
=003  Uk
=005  20090721173046.0
=008  871210|1824||||au\\\\\||\\\\||||\|||||\\
=FMT  \\$a  BK
=019  x\$a0300700148
=040  \\$aUk$cUk
=130  0\$aBible.New Testament. Selections. Serbocroatian
=245  10$aОгледи Светога Писма на Српском језику. Versionis Novi Testamenti Serbicae specimina auctore W. S. Karadschitsch. Praefatus est I. S. Vater.
=264  \1$aVindobonae, у Липисци,$c1824.
=300  \\$a25 pages ;$c(8º)
=336  \\$atext$2rdacontent
=337  \\$aunmediated$2rdamedia
=338  \\$avolume$2rdacarrier
=340  \\$m8vo$2rdabf
=500  \\$aThere is also a second titlepage reading: "В. С. Караџића ... огледи Светога Писма на Српском језику.".
=700  1\$aKaradžić, Vuk Stefanović,$d1787-1864.
=700  1\$aVater, Johann Severin,$d1771-1826.
=886  2\$2blmarc$a709$b00$aKARADŽIĆ$hVuk Stefanović$p3061.bb.2.$x1710270233
=886  2\$2blmarc$a709$b00$aVATER$hJohann Severin$p3061.bb.2.$x3372370007
=856  \\$uhttp://digital.nb.rs/direct/S-II-1758
=856  41$uhttp://books.google.com/books?vid=BL:A0017100820$yGoogle_Books
=852  41$aBritish Library$bHMNTS$j3061.bb.2.
=985  \\$aCorrected by MS generated file for WR# 11/211
=985  \\$aCorrected by MS generated file for WR# 1805-0738
=CAT  \\$aCONV$b00$c20040502$lBLL01$h0856
=CAT  \\$c20041021$lBLL01$h1112
=CAT  \\$c20041021$lBLL01$h1135
=CAT  \\$a10039$b40$c20080917$lBLL01$h1455
=CAT  \\$aBATCH-UPD$b40$c20080917$lBLL01$h1455
=CAT  \\$a10506$b40$c20090721$lBLL01$h1727
=CAT  \\$a10506$b40$c20090721$lBLL01$h1730
=CAT  \\$aBATCH$b00$c20091126$lBLL01$h0148
=CAT  \\$aWR11_211$c20140317$lBLL01$h1728
=CAT  \\$aBLSS-CORR$b00$c20140317$lBLL01$h1744
=CAT  \\$aWR14_057$b00$c20140606$lBLL01$h2001
=CAT  \\$aWR14_057$c20140610$lBLL01$h1555
=CAT  \\$a6550$b40$c20170725$lBLL01$h1451
=CAT  \\$a1805-0738$c20180914$lBLL01$h2230
=CAT  \\$a1805-0738$b00$c20180914$lBLL01$h2324
=CAT  \\$aW1812-0728$c20190202$lBLL01$h1639
=FIN  \\$aY
=LEO  \\$aMP1.0000355885
=SRC  \\$aBLS01$bbibmp1.200404.2.aa
=LAS  \\$aW1812-0728$b00$c20190202$lBLL01$h1639

