=LDR  02160 am a2200565   4500
=001  015310116
=003  Uk
=005  20090708161914.0
=008  830113s1767\\\\xxu||||\\\\\\\00|\|\eng\c
=035  \\$a(CU-RivES)W12709
=035  \\$a(Uk-ES)006430209
=040  \\$aMWA$cMWA$dCU-RivES$dCStRLIN
=100  1\$aRowe, Elizabeth Singer,$d1674-1737.
=245  14$aThe history of Joseph;$ba poem. In ten books. By a female hand. To which is added, The hermit; a poem: and an essay on creation.
=264  \1$aPhiladelphia :$bPrinted and sold by David Hall, and William Sellers,$c1767.
=300  \\$a[2], 66 pages ;$c8º
=336  \\$atext$2rdacontent
=337  \\$aunmediated$2rdamedia
=338  \\$avolume$2rdacarrier
=340  \\$m8vo$2rdabf
=500  \\$aAttributed to Elizabeth Rowe in the Dictionary of national biography.
=509  \\$aSignatures: pi1 A-D⁸ E1
=510  4\$aEvans,$c10760
=510  4\$aHildeburn, C.R. Pennsylvania,$c2320
=600  00$aJoseph$c(Son of Jacob)$vPoetry.
=648  \7$a1635-1800$2local
=650  \4$aWomen as authors.
=655  \7$aPoems$y1767.$2rbgenr
=700  1\$aHall, David,$d1714-1772,$eprinter.
=700  1\$aSellers, William,$d1725?-1804,$eprinter.
=700  1\$aParnell, Thomas,$d1679-1718.$tHermit.
=730  02$aEssay on creation.
=752  \\$aUnited States$bPennsylvania$dPhiladelphia.
=852  41$aBritish Library$bHMNTS$jRB.23.a.31566
=856  41$uhttp://books.google.com/books?vid=BL:A0021649191$yGoogle_Books
=856  41$uhttp://opac.newsbank.com/select/evans/10760
=985  \\$aCorrected by MS generated file for WR# 1805-0738
=CAT  \\$c20090708$lBLL01$h1619
=CAT  \\$aBATCH$b00$c20090708$lBLL01$h1719
=CAT  \\$aBATCH-UPD$b00$c20090724$lBLL01$h1800
=CAT  \\$aBATCH-UPD$b00$c20141222$lBLL01$h1848
=CAT  \\$aBATCH-UPD$b00$c20150108$lBLL01$h1025
=CAT  \\$aWR15_124$c20150910$lBLL01$h1606
=CAT  \\$aWR14_057$b00$c20170504$lBLL01$h1809
=CAT  \\$a1805-0738$c20181228$lBLL01$h1827
=CAT  \\$a1805-0738$b00$c20181228$lBLL01$h1912
=FIN  \\$aY$d20090708
=FMT  \\$a  BK
=LAS  \\$a1805-0738$b00$c20181228$lBLL01$h1912
=SRC  \\$aESTC

