=LDR  02859 am a2200649   4500
=001  015310117
=003  Uk
=005  20090708161914.0
=008  821122s1739\\\\xxu||||\\\\\\\00|\|\eng\c
=035  \\$a(CU-RivES)W37746
=035  \\$a(Uk-ES)006463560
=040  \\$aMWA$cMWA$dCU-RivES$dCStRLIN
=100  1\$aPhillips, Samuel,$d1690-1771.
=245  10$aChildren well imployed, and, Jesus much delighted: or, The hosannahs of Zion's children, highly pleasing to Zion's King:$ba plain discourse lately preach'd to the children of the South-Parish in Andover: and now dedicated to their use: by Samuel Phillips, M.A. and V.D.M. Published at the desire of many of his hearers, both parents and children. [Six lines of Scripture texts]
=264  \1$aBoston :$bPrinted by S. Kneeland, and T. Green, for D. Henchman, in Cornhill,$c1739.
=300  \\$a[4], vi, 109, [1] pages ;$c12º
=336  \\$atext$2rdacontent
=337  \\$aunmediated$2rdamedia
=338  \\$avolume$2rdacarrier
=340  \\$m12mo$2rdabf
=500  \\$aHalf-title: Mr. Phillips's sermon on the children's hosannahs.
=500  \\$aCaption title: The children's hosannahs highly pleasing to our great Saviour.
=500  \\$a"Advice to heads of families."--p. 85-97.
=500  \\$a"A prayer for children."--p. 97-99.
=500  \\$a"Divine songs for children [by Isaac Watts]"--p. 99-109.
=500  \\$a"Erratum."--p. 109.
=509  \\$aSignatures: A-K⁶ (K6 verso blank)
=510  4\$aEvans,$c4413
=648  \7$a1635-1800$2local
=650  \0$aChristian life.
=650  \0$aChildren$xReligious life.
=655  \7$aChildren's sermons$y1739.$2rbgenr
=655  \7$aJuvenile literature$y1739.$2rbgenr
=655  \7$aPrayers.$2rbgenr
=655  \7$aSongs.$2rbgenr
=700  1\$aKneeland, Samuel,$d1697-1769,$eprinter.
=700  1\$aGreen, Timothy,$d1703-1763,$eprinter.
=700  1\$aHenchman, Daniel,$d1689-1761,$ebookseller.
=700  1\$aWatts, Isaac,$d1674-1748.$tDivine songs.$kSelections.
=710  24$aConnecticut Historical Society,$eformer owner.$5MWA.
=752  \\$aUnited States$bMassachusetts$dBoston.
=852  41$aBritish Library$bHMNTS$jRB.23.a.30782
=856  41$uhttp://books.google.com/books?vid=BL:A0022026798$yGoogle_Books
=856  41$uhttp://opac.newsbank.com/select/evans/4413
=985  \\$aCorrected by MS generated file for WR# 1805-0738
=CAT  \\$c20090708$lBLL01$h1619
=CAT  \\$aBATCH$b00$c20090708$lBLL01$h1719
=CAT  \\$aBATCH-UPD$b00$c20090724$lBLL01$h1800
=CAT  \\$aBATCH-UPD$b00$c20130418$lBLL01$h1814
=CAT  \\$aWR15_124$c20150910$lBLL01$h1606
=CAT  \\$aWR14_057$b00$c20170504$lBLL01$h1809
=CAT  \\$a1805-0738$c20181228$lBLL01$h1827
=CAT  \\$a1805-0738$b00$c20181228$lBLL01$h1912
=FIN  \\$aY$d20090708
=FMT  \\$a  BK
=LAS  \\$a1805-0738$b00$c20181228$lBLL01$h1912
=SRC  \\$aESTC

